@article{R1,
  title={High-resolution frequency-wavenumber spectrum analysis},
  author={Capon, Jack},
  journal={Proceedings of the IEEE},
  volume={57},
  number={8},
  pages={1408--1418},
  year={1969},
  publisher={IEEE}
}

@article{R2,
  title={The retrieval of harmonics from a covariance function},
  author={Pisarenko, Vladilen F},
  journal={Geophysical Journal International},
  volume={33},
  number={3},
  pages={347--366},
  year={1973},
  publisher={Wiley Online Library}
}

@article{R3,
  title={A signal subspace approach to multiple emitter location spectral estimation},
  author={Schmidt, Ralph Otto},
  journal={Ph. D. Thesis, Stanford University},
  year={1981}
}

@article{R4,
  title={Multiple emitter location and signal parameter estimation},
  author={Schmidt, Ralph},
  journal={IEEE Transactions on Antennas and Propagation},
  volume={34},
  number={3},
  pages={276--280},
  year={1986},
  publisher={IEEE}
}

@article{R5,
  title={A subspace rotation approach to signal parameter estimation},
  author={Paulraj, Arogyaswami and Roy, Richard and Kailath, Thomas},
  journal={Proceedings of the IEEE},
  volume={74},
  number={7},
  pages={1044--1046},
  year={1986},
  publisher={IEEE}
}

@article{R6,
  title={ESPRIT-estimation of signal parameters via rotational invariance techniques},
  author={Roy, Richard and Kailath, Thomas},
  journal={IEEE Transactions on Acoustics, Speech, and Signal Processing},
  volume={37},
  number={7},
  pages={984--995},
  year={1989},
  publisher={IEEE}
}

@inproceedings{R7,
  title={Improving the resolution performance of eigenstructure-based direction-finding algorithms},
  author={Barabell, Arthur},
  booktitle={Acoustics, Speech, and Signal Processing, IEEE International Conference on ICASSP'83.},
  volume={8},
  pages={336--339},
  year={1983},
  organization={IEEE}
}
 
@article{R8,
  title={Compressed sensing},
  author={Donoho, David L},
  journal={IEEE Transactions on Information Theory},
  volume={52},
  number={4},
  pages={1289--1306},
  year={2006},
  publisher={IEEE}
}

@article{R9,
  title={An introduction to compressive sampling},
  author={Cand{\`e}s, Emmanuel J and Wakin, Michael B},
  journal={IEEE Signal Processing Magazine},
  volume={25},
  number={2},
  pages={21--30},
  year={2008},
  publisher={IEEE}
}

@article{R10,
  title={Atomic decomposition by basis pursuit},
  author={Chen, Scott Shaobing and Donoho, David L and Saunders, Michael A},
  journal={SIAM Review},
  volume={43},
  number={1},
  pages={129--159},
  year={2001},
  publisher={SIAM}
}

@article{R11,
  title={Optimally sparse representation in general (nonorthogonal) dictionaries via $\ell_1$ minimization},
  author={Donoho, David L and Elad, Michael},
  journal={Proceedings of the National Academy of Sciences},
  volume={100},
  number={5},
  pages={2197--2202},
  year={2003},
  publisher={National Acad Sciences}
}

@article{R12,
  title={Robust uncertainty principles: Exact signal reconstruction from highly incomplete frequency information},
  author={Cand{\`e}s, Emmanuel J and Romberg, Justin and Tao, Terence},
  journal={IEEE Transactions on Information Theory},
  volume={52},
  number={2},
  pages={489--509},
  year={2006},
  publisher={IEEE}
}

@book{R13,
  title={Spectral Analysis of Signals},
  author={Stoica, Petre and Moses, Randolph L and others},
  volume={1},
  year={2005},
  publisher={Pearson Prentice Hall Upper Saddle River, NJ}
}

@inproceedings{R14,
  title={Direction estimation using compressive sampling array processing},
  author={Wang, Ying and Leus, Geert and Pandharipande, Ashish},
  booktitle={Statistical Signal Processing, 2009. SSP'09. IEEE/SP 15th Workshop on},
  pages={626--629},
  year={2009},
  organization={IEEE}
}

@article{R15,
  title={Signal recovery from random measurements via orthogonal matching pursuit},
  author={Tropp, Joel A and Gilbert, Anna C},
  journal={IEEE Transactions on Information Theory},
  volume={53},
  number={12},
  pages={4655--4666},
  year={2007},
  publisher={IEEE}
}

@article{R16,
  title={CoSaMP: Iterative signal recovery from incomplete and inaccurate samples},
  author={Needell, Deanna and Tropp, Joel A},
  journal={Applied and Computational Harmonic Analysis},
  volume={26},
  number={3},
  pages={301--321},
  year={2009},
  publisher={Elsevier}
}

@inproceedings{R17,
  title={Comparison of iterative sparse recovery algorithms},
  author={Karaku{\c{s}}, Celalettin and G{\"u}rb{\"u}z, Ali Cafer},
  booktitle={Signal Processing and Communications Applications (SIU), 2011 IEEE 19th Conference on},
  pages={857--860},
  year={2011},
  organization={IEEE}
}

@article{R18,
  title={Analysis of orthogonal matching pursuit using the restricted isometry property},
  author={Davenport, Mark A and Wakin, Michael B},
  journal={IEEE Transactions on Information Theory},
  volume={56},
  number={9},
  pages={4395--4401},
  year={2010},
  publisher={IEEE}
}

@article{R19,
  title={DOA and power estimation using a sparse representation of second-order statistics vector and $\ell_0$ - norm approximation},
  author={Tian, Ye and Sun, Xiaoying and Zhao, Shishun},
  journal={Signal Processing},
  volume={105},
  pages={98--108},
  year={2014},
  publisher={Elsevier}
}

@inproceedings{R20,
  title={On the use of the global matched filter for DOA estimation in the presence of correlated waveforms},
  author={Fuchs, Jean Jacques},
  booktitle={Signals, Systems and Computers, 2008 42nd Asilomar Conference on},
  pages={269--273},
  year={2008},
  organization={IEEE}
}

@article{R21,
  title={Identification of real sinusoids in noise, the global matched filter approach.},
  author={Fuchs, Jean Jacques},
  journal={IFAC Proceedings Volumes},
  volume={42},
  number={10},
  pages={1127--1132},
  year={2009},
  publisher={Elsevier}
}

@article{R22,
  title={A sparse signal reconstruction perspective for source localization with sensor arrays},
  author={Malioutov, Dmitry and Cetin, M{\"u}jdat and Willsky, Alan S},
  journal={IEEE Transactions on Signal Processing},
  volume={53},
  number={8},
  pages={3010--3022},
  year={2005},
  publisher={IEEE}
}

@article{R23,
  title={DOA Estimation Based on Sparse Signal Recovery Utilizing Weighted $\ell_1$ - Norm Penalty},
  author={Xu, Xu and Wei, Xiaohan and Ye, Zhongfu},
  journal={IEEE Signal Processing Letters},
  volume={19},
  number={3},
  pages={155--158},
  year={2012},
  publisher={IEEE}
}

@article{R24,
  title={A sparse recovery algorithm for DOA estimation using weighted subspace fitting},
  author={Hu, Nan and Ye, Zhongfu and Xu, Dongyang and Cao, Shenghong},
  journal={Signal processing},
  volume={92},
  number={10},
  pages={2566--2570},
  year={2012},
  publisher={Elsevier}
}

@article{R25,
  title={Direction-of-Arrival Estimation Using a Mixed $\ell_{2, 0}$ Norm Approximation},
  author={Hyder, Md Mashud and Mahata, Kaushik},
  journal={IEEE Transactions on Signal Processing},
  volume={58},
  number={9},
  pages={4646--4655},
  year={2010},
  publisher={IEEE}
}

@article{R26,
  title={Sparse methods for direction-of-arrival estimation},
  author={Yang, Zai and Li, Jian and Stoica, Petre and Xie, Lihua},
  journal={arXiv preprint arXiv:1609.09596},
  year={2016}
}

@INPROCEEDINGS{R27, 
author={D. Weibo and H. Bin and W. Xiaochuan}, 
booktitle={IET International Radar Conference 2015}, 
title={The estimation for the direction of arrival based on sparse array}, 
year={2015}, 
volume={}, 
number={}, 
pages={1-4}, 
keywords={antenna arrays;compressed sensing;direction-of-arrival estimation;antenna elements;compressed sensing;direction of arrival;estimation method;full array antenna;sparse array antenna;sparse sampling;Compressed Sensing;Direction of Arrival;Measurement Matrix;Sparse Array}, 
ISSN={}, 
month={Oct},}

@inproceedings{R28,
  title={DOA estimation with unknown noise fields: a matrix decomposition method},
  author={Rajagopal, R and Rao, P Ramakrishna},
  booktitle={IEE Proceedings in Radar and Signal Processing},
  volume={138},
  number={5},
  pages={495--501},
  year={1991},
  organization={IET}
}

@article{R29,
  title={Narrowband and wideband off-grid direction-of-arrival estimation via sparse Bayesian learning},
  author={Das, Anup and Sejnowski, Terrence J},
  journal={IEEE Journal of Oceanic Engineering},
  year={2017},
  publisher={IEEE}
}

@inproceedings{R30,
  title={Directions of arrival estimation by learning sparse dictionaries for sparse spatial spectra},
  author={Hung, Cheng-Yu and Zheng, Jimeng and Kaveh, Mostafa},
  booktitle={Sensor Array and Multichannel Signal Processing Workshop (SAM), 2014 IEEE 8th},
  pages={377--380},
  year={2014},
  organization={IEEE}
}

@article{R31,
  title={Block sparse estimator for grid matching in single snapshot DoA estimation},
  author={Jagannath, Rakshith and Hari, KVS},
  journal={IEEE Signal Processing Letters},
  volume={20},
  number={11},
  pages={1038--1041},
  year={2013},
  publisher={IEEE}
}

@article{R32,
  title={Fast super-resolution estimation of DOA and DOD in bistatic MIMO Radar with off-grid targets},
  author={Zhang, Dong and Zhang, Yongshun and Zheng, Guimei and Feng, Cunqian and Tang, Jun},
  journal={International Journal of Electronics},
  volume={105},
  number={5},
  pages={866--881},
  year={2018},
  publisher={Taylor \& Francis}
}

@article{R33,
  title={Off-grid direction of arrival estimation using sparse Bayesian inference},
  author={Yang, Zai and Xie, Lihua and Zhang, Cishen},
  journal={IEEE Transactions on Signal Processing},
  volume={61},
  number={1},
  pages={38--43},
  year={2013},
  publisher={IEEE}
}

@inproceedings{R34,
  title={Direction-of-arrival estimation based on Toeplitz covariance matrix reconstruction},
  author={Wu, Xiaohuan and Zhu, Wei-Ping and Yan, Jun},
  booktitle={Acoustics, Speech and Signal Processing (ICASSP), 2016 IEEE International Conference on},
  pages={3071--3075},
  year={2016},
  organization={IEEE}
}

@article{R35,
  title={Subspace Leakage Analysis and Improved DOA Estimation With Small Sample Size.},
  author={Shaghaghi, Mahdi and Vorobyov, Sergiy A},
  journal={IEEE Transactions on Signal Processing},
  volume={63},
  number={12},
  pages={3251--3265},
  year={2015}
}

@inproceedings{R36,
  title={An alternating descent algorithm for the off-grid DOA estimation problem with sparsity constraints},
  author={Gretsistas, Aris and Plumbley, Mark D},
  booktitle={Signal Processing Conference (EUSIPCO), 2012 Proceedings of the 20th European},
  pages={874--878},
  year={2012},
  organization={IEEE}
}

@article{R37,
  title={Compressive MUSIC: Revisiting the link between compressive sensing and array signal processing},
  author={Kim, Jong Min and Lee, Ok Kyun and Ye, Jong Chul},
  journal={IEEE Transactions on Information Theory},
  volume={58},
  number={1},
  pages={278--301},
  year={2012},
  publisher={IEEE}
}

@article{R38,
  title={Subspace methods for joint sparse recovery},
  author={Lee, Kiryung and Bresler, Yoram and Junge, Marius},
  journal={IEEE Transactions on Information Theory},
  volume={58},
  number={6},
  pages={3613--3641},
  year={2012},
  publisher={IEEE}
}

@article{R39,
  title={Direction-of-arrival estimation using a sparse representation of array covariance vectors},
  author={Yin, Jihao and Chen, Tianqi},
  journal={IEEE Transactions on Signal Processing},
  volume={59},
  number={9},
  pages={4489--4493},
  year={2011},
  publisher={IEEE}
}
